/Users/jdr/Documents/School/Papers/bibs/AdjointPaper.bib