Automatically generated by Mendeley 1.7.1
Any changes to this file will be lost if it is regenerated by Mendeley.

@article{Coclite2002,
archivePrefix = {arXiv},
arxivId = {arXiv:math/0202146v1},
author = {Coclite, G.M. and Piccoli, Benedetto},
eprint = {0202146v1},
file = {:Users/jdr/Library/Application Support/Mendeley Desktop/Downloaded/Coclite, Piccoli - 2002 - Traffic Flow on a Road Network.pdf:pdf},
journal = {Arxiv preprint math/0202146},
keywords = {13,2002,a,i,m,ref,s,scalar conservation laws,traffic flow},
primaryClass = {arXiv:math},
title = {{Traffic Flow on a Road Network}},
url = {http://arxiv.org/abs/math/0202146},
year = {2002}
}
@article{Jin2012,
author = {Jin, Wen-Long},
doi = {10.1016/j.trb.2012.02.009},
file = {:Users/jdr/Library/Application Support/Mendeley Desktop/Downloaded/Jin - 2012 - A kinematic wave theory of multi-commodity network traffic flow.pdf:pdf},
issn = {01912615},
journal = {Transportation Research Part B: Methodological},
keywords = {lighthill,multi-commodity cell transmission model,richards model,whitham},
month = sep,
number = {8},
pages = {1000--1022},
publisher = {Elsevier Ltd},
title = {{A kinematic wave theory of multi-commodity network traffic flow}},
url = {http://linkinghub.elsevier.com/retrieve/pii/S0191261512000343},
volume = {46},
year = {2012}
}
@article{Melillo,
author = {Melillo, VPD and del Policlinico, V},
file = {:Users/jdr/Library/Containers/com.sparrowmailapp.sparrow/Data/Library/Application Support/Sparrow/jackdreilly@gmail.com.sparrowdb/Cache/INBOX/38705/2.2/Melillo, Policlinico - Unknown - Fast Algorithms for the Approximation of Traffic Flow Model on Networks.pdf:pdf},
journal = {iac.rm.cnr.it},
number = {0},
pages = {1--22},
title = {{Fast Algorithms for the Approximation of Traffic Flow Model on Networks}},
url = {http://www.iac.rm.cnr.it/~bretti/bnp2.pdf},
volume = {X}
}
@inproceedings{munoz2005traffic,
author = {Mu\~{n}oz, L and Sun, X and Horowitz, R and Alvarez, L and Munoz, L},
booktitle = {American Control Conference, 2003. Proceedings of the 2003},
file = {:Users/jdr/Library/Application Support/Mendeley Desktop/Downloaded/Sun, Horowitz - 2003 - Traffic Density Estimation with the Cell Transmission Model.pdf:pdf},
organization = {IEEE},
pages = {3750--3755},
title = {{Traffic Density Estimation with the Cell Transmission Model}},
volume = {5},
year = {2005}
}
@article{Jacquet,
author = {Jacquet, D. and {Canudas de Wit}, C. and Koenig, D.},
doi = {10.1109/CDC.2005.1582482},
file = {:Users/jdr/Library/Application Support/Mendeley Desktop/Downloaded/Jacquet, Canudas de Wit, Koenig - Unknown - Traffic Control and Monitoring with a Macroscopic Model in the Presence of Strong Congestion Waves.pdf:pdf},
isbn = {0-7803-9567-0},
journal = {Proceedings of the 44th IEEE Conference on Decision and Control},
pages = {2164--2169},
publisher = {Ieee},
title = {{Traffic Control and Monitoring with a Macroscopic Model in the Presence of Strong Congestion Waves}},
url = {http://ieeexplore.ieee.org/lpdocs/epic03/wrapper.htm?arnumber=1582482}
}
@article{Pierce2004,
author = {Pierce, Niles a. and Giles, Michael B.},
doi = {10.1016/j.jcp.2004.05.001},
file = {:Users/jdr/Library/Application Support/Mendeley Desktop/Downloaded/Pierce, Giles - 2004 - Adjoint and defect error bounding and correction for functional estimates.pdf:pdf},
issn = {00219991},
journal = {Journal of Computational Physics},
keywords = {1991 msc,65g99,76n15,adjoint,defect,error bounding,error correction,functionals},
month = nov,
number = {2},
pages = {769--794},
title = {{Adjoint and defect error bounding and correction for functional estimates}},
url = {http://linkinghub.elsevier.com/retrieve/pii/S0021999104001883},
volume = {200},
year = {2004}
}
@article{Waanders2005,
author = {Waanders, BG van Bloemen and Bartlett, RA},
file = {:Users/jdr/Library/Application Support/Mendeley Desktop/Downloaded/Waanders, Bartlett - 2005 - Sensitivity Technologies for Large Scale Simulation.pdf:pdf},
journal = {Citeseer},
number = {January},
title = {{Sensitivity Technologies for Large Scale Simulation}},
url = {http://citeseerx.ist.psu.edu/viewdoc/download?doi=10.1.1.99.2898\&rep=rep1\&type=pdf},
year = {2005}
}
@article{Ulbrich2001,
author = {Ulbrich, Stefan},
file = {:Users/jdr/Library/Application Support/Mendeley Desktop/Downloaded/Ulbrich - 2001 - Optimal control of nonlinear hyperbolic conservation laws with source terms.pdf:pdf},
journal = {Habil., TU Munich, Mathematik},
title = {{Optimal control of nonlinear hyperbolic conservation laws with source terms}},
url = {http://www.opt.tu-darmstadt.de/forschung/nichtlin/Team/ulbrich/papers/habil\_su.ps.gz},
year = {2001}
}
@book{O,
author = {Giles, MB},
file = {:Users/jdr/Library/Application Support/Mendeley Desktop/Downloaded/Giles - 2003 - Discrete adjoint approximations with shocks.pdf:pdf},
title = {{Discrete adjoint approximations with shocks}},
url = {http://books.google.com/books?hl=en\&lr=\&id=TapltAX3ry8C\&oi=fnd\&pg=PA185\&dq=Discrete+adjoint+approximations+with+shocks\&ots=aTKjqG3Suw\&sig=8vNRcXp7F3FnsRScAcqTS2huSbA},
year = {2003}
}
@article{Giles2003,
author = {Giles, Michael B. and Duta, Mihai C. and M\"{u}ller, Jens-Dominik and Pierce, Niles a. and \'{O}\"{o}, \'{U} Ð\'{o}\^{o}\~{n} \`{O} \O and \`{O}\o, \'{O} \AA \O \'{O} and \'{O}\"{o}, \c{C} \"{U} and \O\'{y}, \'{I} \`{O} \'{U} \"{O} and \'{O}\"{o}, \'{O}\~{n}\^{o}\`{u}\o \`{O} \"{A} and \c{C}\"{u}, \O\'{o}\"{o}\'{y} and \"{O}, \AE Ð \`{E}},
doi = {10.2514/2.1961},
file = {:Users/jdr/Library/Application Support/Mendeley Desktop/Downloaded/\'{O}\"{o} et al. - Unknown - Ð \'{o}\"{o} \o \~{n} × \"{o} \o \'{u} ð\'{o}\^{o}\~{n} \`{o}\o× \'{o}\"{o} \'{o} \`{o}\o \aa \o \'{o} ×.pdf:pdf},
issn = {0001-1452},
journal = {AIAA Journal},
month = feb,
number = {2},
pages = {198--205},
title = {{Algorithm Developments for Discrete Adjoint Methods}},
url = {http://doi.aiaa.org/10.2514/2.1961},
volume = {41},
year = {2003}
}
@article{Gugat2005,
author = {Gugat, M. and Herty, M. and Klar, a. and Leugering, G.},
doi = {10.1007/s10957-005-5499-z},
file = {:Users/jdr/Library/Containers/com.sparrowmailapp.sparrow/Data/Library/Application Support/Sparrow/jackdreilly@gmail.com.sparrowdb/Cache/INBOX/38216/2.2/Gugat et al. - 2005 - Optimal Control for Traffic Flow Networks.pdf:pdf},
issn = {0022-3239},
journal = {Journal of Optimization Theory and Applications},
keywords = {adjoint systems,hyperbolic systems,networks,traffic flows},
month = sep,
number = {3},
pages = {589--616},
title = {{Optimal Control for Traffic Flow Networks}},
url = {http://www.springerlink.com/index/10.1007/s10957-005-5499-z},
volume = {126},
year = {2005}
}
@article{Bewley1998,
author = {Bewley, TR and Liu, S},
file = {:Users/jdr/Downloads/BL98.pdf:pdf},
journal = {Journal of Fluid Mechanics},
pages = {305--349},
title = {{Optimal and robust control and estimation of linear paths to transition}},
url = {http://journals.cambridge.org/production/action/cjoGetFulltext?fulltextid=14258},
volume = {365},
year = {1998}
}
@article{Zhang2008,
author = {Zhang, J. and Zhang, Q.},
doi = {10.1109/INFOCOM.2008.306},
file = {:Users/jdr/Library/Application Support/Mendeley Desktop/Downloaded/Zhang, Zhang - 2008 - Cooperative Routing in Multi-Source Multi-Destination Multi-Hop Wireless Networks(2).pdf:pdf},
isbn = {978-1-4244-2026-1},
issn = {0743-166X},
journal = {2008 IEEE INFOCOM - The 27th Conference on Computer Communications},
keywords = {Cooperative Routing in Multi-Source Multi-Destinat},
month = apr,
pages = {2369--2377},
publisher = {Ieee},
title = {{Cooperative Routing in Multi-Source Multi-Destination Multi-Hop Wireless Networks}},
url = {http://ieeexplore.ieee.org/lpdocs/epic03/wrapper.htm?arnumber=4509901},
year = {2008}
}
@article{Bewley2001,
author = {Bewley, Thomas R. and Moin, Parviz and Temam, Roger},
doi = {10.1017/S0022112001005821},
file = {:Users/jdr/Documents/School/Papers/BMT01.pdf:pdf},
issn = {0022-1120},
journal = {Journal of Fluid Mechanics},
month = oct,
pages = {179--225},
title = {{DNS-based predictive control of turbulence: an optimal benchmark for feedback algorithms}},
url = {http://www.journals.cambridge.org/abstract\_S0022112001005821},
volume = {447},
year = {2001}
}
@article{Muralidharana,
author = {Muralidharan, Ajith and Horowitz, Roberto},
file = {:Users/jdr/Library/Application Support/Mendeley Desktop/Downloaded/Muralidharan, Horowitz - Unknown - Optimal control of freeway networks based on the Link Node Cell Transmission model .pdf:pdf},
number = {c},
title = {{Optimal control of freeway networks based on the Link Node Cell Transmission model .}}
}
@book{garavello2006traffic,
author = {Garavello, M. and Piccoli, B.},
file = {:Users/jdr/Library/Containers/com.sparrowmailapp.sparrow/Data/Library/Application Support/Sparrow/jackdreilly@gmail.com.sparrowdb/Cache/INBOX/38669/2/Mauro\_Garavello,\_Benedetto\_Piccoli-Traffic\_Flow\_on\_Networks\_(Applied\_Mathematics)(2006).pdf:pdf},
isbn = {9781601330000},
publisher = {American institute of mathematical sciences Springfield, MA, USA},
title = {{Traffic flow on networks}},
url = {http://www.iac.rm.cnr.it/~piccoli/book.pdf},
volume = {1},
year = {2006}
}
@article{Bayen2006,
author = {Bayen, A.M. and Raffard, R.L. and Tomlin, C.J.},
doi = {10.1109/TCST.2006.876904},
file = {:Users/jdr/Downloads/brt06\_tcst.pdf:pdf},
issn = {1063-6536},
journal = {IEEE Transactions on Control Systems Technology},
month = sep,
number = {5},
pages = {804--818},
title = {{Adjoint-based control of a new eulerian network model of air traffic flow}},
url = {http://ieeexplore.ieee.org/lpdocs/epic03/wrapper.htm?arnumber=1668144},
volume = {14},
year = {2006}
}
@article{Muralidharan2009,
author = {Muralidharan, Ajith and Dervisoglu, Gunes and Horowitz, Roberto},
doi = {10.1109/ACC.2009.5160597},
file = {:Users/jdr/Library/Application Support/Mendeley Desktop/Downloaded/Muralidharan, Dervisoglu, Horowitz - 2009 - Freeway traffic flow simulation using the Link Node Cell transmission model.pdf:pdf},
isbn = {978-1-4244-4523-3},
journal = {2009 American Control Conference},
keywords = {Iterative learning control,Large scale systems,Modeling and simulation},
pages = {2916--2921},
publisher = {Ieee},
title = {{Freeway traffic flow simulation using the Link Node Cell transmission model}},
url = {http://ieeexplore.ieee.org/lpdocs/epic03/wrapper.htm?arnumber=5160597},
year = {2009}
}
@article{Giles1997,
author = {Giles, MB B and Pierce, NA},
file = {:Users/jdr/Library/Application Support/Mendeley Desktop/Downloaded/Giles - 1997 - Adjoint equations in CFD duality , boundary conditions and solution behaviour.pdf:pdf},
journal = {AIAA paper},
title = {{Adjoint equations in CFD : duality , boundary conditions and solution behaviour}},
url = {http://people.maths.ox.ac.uk/gilesm/files/AIAA-97-1850.pdf},
year = {1997}
}
@inproceedings{Jacquet2005,
author = {Jacquet, Denis and de Wit, Carlos Canudas and Koenig, Damien},
booktitle = {Proceedings of the 16th IFAC World Congress},
file = {:Users/jdr/Library/Application Support/Mendeley Desktop/Downloaded/Jacquet, Canudas - 1974 - Laboratoire d’Automatique de Grenoble BP. 46, 38 402, St. Martin d’H` eres, France.pdf:pdf},
keywords = {optimal control,traffic control},
title = {{Optimal Ramp Metering Strategy with Extended LWR Model, Analysis and Computational Methods}},
year = {2005}
}
@article{Thai,
author = {Thai, Jerome},
file = {:Users/jdr/Library/Containers/com.sparrowmailapp.sparrow/Data/Library/Application Support/Sparrow/jackdreilly@gmail.com.sparrowdb/Cache/INBOX/38685/2/Thai - Unknown - Polyhedral hybrid systems and applications to the Cell Transmission Model.pdf:pdf},
title = {{Polyhedral hybrid systems and applications to the Cell Transmission Model}}
}
@article{Giles2000,
author = {Giles, MB and Pierce, NA},
file = {:Users/jdr/Library/Application Support/Mendeley Desktop/Downloaded/Giles, Pierce - 2000 - An introduction to the adjoint approach to design.pdf:pdf},
journal = {Flow, Turbulence and Combustion},
title = {{An introduction to the adjoint approach to design}},
url = {http://www.springerlink.com/index/UT16Q7280162408N.pdf},
year = {2000}
}
@article{Sun2007,
author = {Sun, Dengfeng and Bayen, Alexandre M},
file = {:Users/jdr/Documents/School/Papers/nhm07.pdf:pdf},
number = {4},
pages = {569--594},
title = {{COMPARISON OF THE PERFORMANCE OF FOUR EULERIAN}},
volume = {2},
year = {2007}
}
@article{Duffy2009,
author = {Duffy, AC},
file = {:Users/jdr/Library/Application Support/Mendeley Desktop/Downloaded/Duffy - 2009 - An Introduction to Gradient Computation by the Discrete Adjoint Method.pdf:pdf},
title = {{An Introduction to Gradient Computation by the Discrete Adjoint Method}},
url = {http://computationalmathematics.org/topics/files/adjointtechreport.pdf},
year = {2009}
}
@article{Protas2004,
author = {Protas, Bartosz and Bewley, Thomas R. and Hagen, Greg},
doi = {10.1016/j.jcp.2003.08.031},
file = {:Users/jdr/Documents/School/Papers/PBH04.pdf:pdf},
issn = {00219991},
journal = {Journal of Computational Physics},
keywords = {4dvar,adjoint analysis,flow control,optimization,regularization},
month = mar,
number = {1},
pages = {49--89},
title = {{A computational framework for the regularization of adjoint analysis in multiscale PDE systems}},
url = {http://linkinghub.elsevier.com/retrieve/pii/S0021999103005114},
volume = {195},
year = {2004}
}
