% This file was created with JabRef 2.6.
% Encoding: UTF-8

@BOOK{garavello2006traffic,
  title = {Traffic Flow on Networks: Conservation Laws Model},
  publisher = {American Institute of Mathematical Sciences},
  year = {2006},
  author = {Garavello, M. and Piccoli, B.},
  series = {AIMS Series on Applied Mathematics},
  isbn = {9781601330000},
  owner = {marialaura},
  timestamp = {2012.09.18},
  url = {http://books.google.fr/books?id=LVwYAwAACAAJ}
}

