Automatically generated by Mendeley 1.6
Any changes to this file will be lost if it is regenerated by Mendeley.

@article{Jacquet1974,
author = {Jacquet, Denis and de Wit, Carlos Canudas and Koenig, Damien},
file = {:Users/jdr/Library/Application Support/Mendeley Desktop/Downloaded/Jacquet, Canudas - 1974 - Laboratoire d’Automatique de Grenoble BP. 46, 38 402, St. Martin d’H` eres, France.pdf:pdf},
keywords = {optimal control,traffic control},
title = {{Optimal Ramp Metering Strategy with Extended LWR Model, Analysis and Computational Methods}},
year = {1974}
}
@article{Papageorgiou1991,
author = {Papageorgiou, M},
journal = {Transportation Research  \ldots},
keywords = {control,ramp metering},
mendeley-tags = {control,ramp metering},
title = {{ALINEA: A local feedback control law for on-ramp metering}},
url = {http://trid.trb.org/view.aspx?id=365587},
year = {1991}
}
@book{garavello2006traffic,
author = {Garavello, M. and Piccoli, B.},
file = {:Users/jdr/Library/Containers/com.sparrowmailapp.sparrow/Data/Library/Application Support/Sparrow/jackdreilly@gmail.com.sparrowdb/Cache/INBOX/38669/2/Mauro\_Garavello,\_Benedetto\_Piccoli-Traffic\_Flow\_on\_Networks\_(Applied\_Mathematics)(2006).pdf:pdf},
isbn = {9781601330000},
publisher = {American institute of mathematical sciences Springfield, MA, USA},
title = {{Traffic flow on networks}},
url = {http://www.iac.rm.cnr.it/~piccoli/book.pdf},
volume = {1},
year = {2006}
}
@article{daganzo1995cell,
author = {Daganzo, C. F.},
file = {:Users/jdr/Library/Application Support/Mendeley Desktop/Downloaded/Daganzo - 1995 - The cell transmission model, part II network traffic.pdf:pdf},
journal = {Transportation Research Part B: Methodological},
keywords = {traffic flow theory fundamental diagram},
number = {2},
pages = {79--93},
publisher = {Elsevier},
title = {{The cell transmission model, part II: network traffic}},
volume = {29},
year = {1995}
}
@article{Giles2000,
author = {Giles, MB and Pierce, NA},
file = {:Users/jdr/Library/Application Support/Mendeley Desktop/Downloaded/Giles, Pierce - 2000 - An introduction to the adjoint approach to design.pdf:pdf},
journal = {Flow, Turbulence and Combustion},
title = {{An introduction to the adjoint approach to design}},
url = {http://www.springerlink.com/index/UT16Q7280162408N.pdf},
year = {2000}
}
@article{Muralidharana,
author = {Muralidharan, Ajith and Horowitz, Roberto},
file = {:Users/jdr/Library/Application Support/Mendeley Desktop/Downloaded/Muralidharan, Horowitz - Unknown - Optimal control of freeway networks based on the Link Node Cell Transmission model .pdf:pdf},
number = {c},
title = {{Optimal control of freeway networks based on the Link Node Cell Transmission model .}}
}
